%-------------------------------------------------------------------------------
% REPLACE WITH YOUR PUBLICATIONS
%-------------------------------------------------------------------------------
@Online{ho20:_denois_diffus_probab_model,
  author          = {Jonathan Ho AND Ajay Jain AND Pieter Abbeel},
  title           = {{Denoising Diffusion Probabilistic Models}},
  year            = 2020,
  eprint          = {2006.11239v2},
  primaryclass    = {cs.LG},
  archiveprefix   = {arXiv}
}

@Online{sun20:_canon_capsul,
  author          = {Weiwei Sun AND Andrea Tagliasacchi AND Boyang Deng AND Sara
                  Sabour AND Soroosh Yazdani AND Geoffrey Hinton AND Kwang Moo
                  Yi},
  title           = {{Canonical Capsules: Self-Supervised Capsules in Canonical
                  Pose}},
  year            = 2020,
  eprint          = {2012.04718v2},
  primaryclass    = {cs.CV},
  archiveprefix   = {arXiv}
}
