%-------------------------------------------------------------------------------
% REPLACE WITH YOUR PUBLICATIONS
%-------------------------------------------------------------------------------

@article{xin2009multiscale,
  title={\href{https://doi.org/10.1117/1.3158991}{\hypertarget{xin2009multiscale}{Multiscale} analysis of rough groove textures for three-dimensional optical measurements}},
  author={Xin, Binjian},
  journal={Optical Engineering},
  volume={48},
  number={7},
  pages={073602--073602},
  year={2009},
  publisher={Society of Photo-Optical Instrumentation Engineers},
}

@article{xin2004bildfolgenauswertung,
  title={\href{https://doi.org/10.1524/teme.71.4.218.30450}{\hypertarget{xin2004bildfolgenauswertung}{Analysis} of Image Sequences for the Inspection of Grinded Surfaces.}},
  author={\underline{Xin, Binjian} and Heizmann, Michael and Kammel, S{\"o}ren and Stiller, Christoph},
  journal={tm-Technisches Messen},
  volume={71},
  number={4},
  pages={218--226},
  year={2004},
  publisher={Oldenbourg Wissenschaftsverlag GmbH},
}


@Book{xin2008diss,
  title={\href{https://doi.org/10.5445/IR/1000009995}{\hypertarget{xin2008diss}{Evaluation} and characterization of 3d surface data with groove textures.}},
  author={Xin, Binjian},
  publisher={KIT Scientific Publishing},
  year={2009},
}

@inproceedings{xin2007evaluation,
  title={\href{https://doi.org/10.1117/12.698505}{\hypertarget{xin2007evaluation}{Evaluation} of two and a half dimensional surface data with form component and groove bands.}},
  author={Xin, Binjian},
  booktitle={Machine Vision Applications in Industrial Inspection XV},
  volume={6503},
  pages={95--104},
  year={2007},
  organization={SPIE}
}

@inproceedings{xin2002KneeSimulator,
  title = {\href{https://www.researchgate.net/publication/283629844_Robot_based_teaching_system_The_munich_knee_simulator}{\hypertarget{xin2002KneeSimulator}{Robot} based teaching system: The Munich knee simulator.}},
  author={Frey, M. and Riener, R. and Burgkart, R. and \underline{Xin, Binjian}},
  booktitle={VDI BERICHTE},
  volume={1679},
  pages={491--496},
  year={2002},
  organization={VDI}
}

@article{xin2002AntColony,
  title={\href{https://doi.org/10.3321/j.issn:0253-374X.2002.01.017}{\hypertarget{xin2002AntColony}{蚁群}算法的研究现状和应用及蚂蚁智能体的硬件实现}},
  author={\underline{忻斌健} and 汪镭 and 吴启迪},
  journal={同济大学学报：自然科学版},
  volume={30},
  number={7},
  pages={82--87},
  year={2002},
  publisher={Tongji University},
}
