@misc{Xin_VEOS_22,
  author={Xin, Binjian},
  title="\href{https://patents.google.com/patent/CN114815622A/en}{\hypertarget{Xin_VEOS_22}{Reward} driven controller parameter optimization.}",
  number={CN 1148 1562 2A},
  date={2022-07-29},
  holder       = {Shanghai Newrizon Automobile Technology Co. Ltd.},
  pubstate     = {Pending},
  eprintclass  = {G05B13/042},
}

@misc{Xin_GenAI_23,
  author          = {Xin, Binjian},
  title="\href{https://patents.google.com/patent/CN116577669A/en}{\hypertarget{Xin_GenAI_23}{Battery} safety detection method based on generative model.}",
  number          = {CN 1165 7766 9A},
  date            = {2023-08-11},
  OPTholder       = {Shanghai Newrizon Automobile Technology Co. Ltd.},
  OPTpubstate     = {Pending},
  OPTeprintclass  = {G01R31/367},
}

@misc{Xin_Latent_Diffusion_23,
  author          = {Xin, Binjian},
  title="\href{https://patents.google.com/patent/CN116189144A/en}{\hypertarget{Xin_Latent_Diffusion_23}{Vehicle}-mounted camera view-blocked area enhancement detection based on latent diffusion model.}",
  number          = {CN 1161 8914 4A},
  date            = {2023-05-30},
  OPTholder       = {Shanghai Newrizon Automobile Technology Co. Ltd.},
  OPTpubstate     = {Pending},
  OPTeprintclass  = {G06V20/58},
}

@misc{Xin_LLM_24,
  author={Xin, Binjian},
  title="\href{http://epub.cnipa.gov.cn/patent/CN117734728A}{\hypertarget{Xin_LLM_24}{Natural} language interface and large language model based autonomous driving decision module.}",
  number={CN 1177 3472 8A},
  date={2024-03-22},
  OPTholder       = {Shanghai Newrizon Automobile Technology Co. Ltd.},
  OPTpubstate     = {Applied},
  OPTeprintclass  = {B60W50/14},
}

@misc{Xin_VLM_24,
  author={Xin, Binjian},
  title="\href{http://epub.cnipa.gov.cn/patent/CN117734729A}{\hypertarget{Xin_VLM_24}{Natural} language interface and multimodal foundation model based autonomous driving desicion system.}",
  number={CN 1177 3472 9A},
  date={2024-03-22},
  holder       = {Shanghai Newrizon Automobile Technology Co. Ltd.},
  pubstate     = {Applied},
  eprintclass  = {G06F16/903},
}

@misc{Pan_Xin_DrvStyle_23,
  author={Pan, Hongchen and \underline{Xin, Binjian}},
  title="\href{https://patents.google.com/patent/CN114228722B/en}{\hypertarget{Pan_Xin_DrvStyle_23}{Driving} style classification method, apparatus, device, storage medium, and program.}",
  number={CN 1142 2872 2B},
  date={2023-10-24},
  OPTholder       = {Shanghai Newrizon Automobile Technology Co. Ltd.},
  OPTpubstate     = {Active},
  OPTeprintclass  = {B60W40/09},
}

@misc{Xin_Chen_NN_TSFeatures_23,
  author          = {\underline{Xin, Binjian} and Chen, Yang},
  title="\href{https://patents.google.com/patent/CN116559671A/en}{\hypertarget{Xin_Chen_NN_TSFeatures_23}{Machine learning} based time series feature generation and fault battery detection method and device.}",
  number          = {CN 1165 5967 1A},
  date            = {2023-08-08},
  OPTholder       = {Shanghai Newrizon Automobile Technology Co. Ltd.},
  OPTpubstate     = {Pending},
  OPTeprintclass  = {G01R31/367},
}

@misc{Xin_Fu_Pan_Simulation_Test_RL_22,
  author          = {\underline{Xin, Binjian} and Fu, Jingwei and Pan, Hongchen},
  title="\href{https://patents.google.com/patent/CN114021307A/en}{\hypertarget{Xin_Fu_Pan_Simulation_Test_RL_22}{Simulation} based controller parameter design, testing and device}",
  number          = {CN 1140 2130 7A},
  date            = {2022-02-08},
  OPTholder       = {Shanghai Newrzion Automobile Technology Co. Ltd.},
  OPTpubstate     = {Pending},
  OPTeprintclass  = {G06F30/20},
}

@misc{Xin_RearView_17,
  author          = {Fang, J. and Li, S. and Jin, L. and Xu, Z. and Cao, B. and \underline{Xin, Binjian}},
  title="\href{https://patents.google.com/patent/CN206049509U/en}{\hypertarget{Xin_RearView_17}{A} multi-camera based rear view system.}",
  number          = {CN 2060 4950 9U},
  date            = {2017-03-29},
  OPTholder       = {SAIC General Motors Corp Ltd. and Pan Asia Technical Automotive Center Co. Ltd.},
  OPTpubstate     = {Active},
}

@misc{Xin_Daimler_08,
  author          = {Boehm, J. and Hercke, T. and Rau, N. and Schweikert, S. and Warzok, A. and \underline{Xin, Binjian}},
  title="\href{https://patents.google.com/patent/DE102007008604A1/en}{\hypertarget{Xin_Daimler_08}{Evaluation} method for honed structures on motor cyliner bores}",
  number          = {DE 1020 0700 8604 A1},
  date            = {2008-08-28},
  OPTholder       = {Mercedes Benz Group AG},
  OPTpubstate     = {Withdrawn},
  OPTeprintclass  = {G01B11/2441},
}
