@misc{Pan_Xin_2023,
  title="\href{https://patents.google.com/patent/CN114228722B/en}{Driving style classification method, apparatus, device, storage medium, and program.}",
  author={Pan, Hongchen and Xin, Binjian},
  number={CN114228722B},
  date={2023-10-24}
}


@misc{Xin_2022_07,
  author={Xin, Binjian},
  title="\href{https://patents.google.com/patent/CN114815622A/en}{Vehicle parameter optimization method and device, computer equipment and storage medium.}",
  number={CN114815622A},
  date={2022-07-29},
}

@Online{zheng18:_weigh_doubl_deep_multiag_reinf,
  author          = {Yan Zheng AND Jianye Hao AND Zongzhang Zhang},
  title           = {{Weighted Double Deep Multiagent Reinforcement Learning in
                  Stochastic Cooperative Environments}},
  year            = 2018,
  eprint          = {1802.08534v2},
  primaryclass    = {cs.MA},
  archiveprefix   = {arXiv}
}

@Online{fu22:_cooper_graph_approac_multiag_spars,
  author          = {Qingxu Fu AND Tenghai Qiu AND Zhiqiang Pu AND Jianqiang Yi
                  AND Wanmai Yuan},
  title           = {{A Cooperation Graph Approach for Multiagent Sparse Reward
                  Reinforcement Learning}},
  year            = 2022,
  eprint          = {2208.03002v1},
  primaryclass    = {cs.AI},
  archiveprefix   = {arXiv}
}

@Online{malialis19:_resour_abstr_reinf_learn_multiag_conges_probl,
  author          = {Kleanthis Malialis AND Sam Devlin AND Daniel Kudenko},
  title           = {{Resource Abstraction for Reinforcement Learning in
                  Multiagent Congestion Problems}},
  year            = 2019,
  eprint          = {1903.05431v1},
  primaryclass    = {cs.MA},
  archiveprefix   = {arXiv}
}

@Online{brockman16:_openai_gym,
  author          = {Greg Brockman AND Vicki Cheung AND Ludwig Pettersson AND
                  Jonas Schneider AND John Schulman AND Jie Tang AND Wojciech
                  Zaremba},
  title           = {{OpenAI Gym}},
  year            = 2016,
  eprint          = {1606.01540v1},
  primaryclass    = {cs.LG},
  archiveprefix   = {arXiv}
}

@Online{chen17:_ucb_explor_q_ensem,
  author          = {Richard Y. Chen AND Szymon Sidor AND Pieter Abbeel AND John
                  Schulman},
  title           = {{UCB Exploration via Q-Ensembles}},
  year            = 2017,
  eprint          = {1706.01502v3},
  primaryclass    = {cs.LG},
  archiveprefix   = {arXiv}
}

@Online{haarnoja18:_soft_actor_critic,
  author          = {Tuomas Haarnoja AND Aurick Zhou AND Pieter Abbeel AND
                  Sergey Levine},
  title           = {{Soft Actor-Critic: Off-Policy Maximum Entropy Deep
                  Reinforcement Learning with a Stochastic Actor}},
  year            = 2018,
  eprint          = {1801.01290v2},
  primaryclass    = {cs.LG},
  archiveprefix   = {arXiv}
}

@Online{orta22:_novel_lamb,
  author          = {Adil Han Orta AND Martin Roelfs AND Koen Van Den Abeele},
  title           = {{Novel algorithm for the computation of group and energy
                  velocities of Lamb waves}},
  year            = 2022,
  eprint          = {2205.11390v2},
  primaryclass    = {physics.app-ph},
  archiveprefix   = {arXiv}
}
