@misc{Xin_VEOS_22,
  author={忻,斌健},
  title="\href{https://patents.google.com/patent/CN114815622A/zh}{\hypertarget{Xin_VEOS_22}{奖励}驱动的控制器参数优化。}",
  number={CN 1148 1562 2A},
  date={2022-07-29},
  holder       = {上海前晨汽车科技有限公司},
  pubstate     = {Pending},
  eprintclass  = {G05B13/042},
}

@misc{Xin_GenAI_23,
  author          = {忻,斌健},
  title="\href{https://patents.google.com/patent/CN116577669A/zh}{\hypertarget{Xin_GenAI_23}{基于}生成模型的电池安全状态检测方法。}",
  number          = {CN 1165 7766 9A},
  date            = {2023-08-11},
  OPTholder       = {上海前晨汽车科技有限公司},
  OPTpubstate     = {Pending},
  OPTeprintclass  = {G01R31/367},
}

@misc{Xin_Latent_Diffusion_23,
  author          = {忻,斌健},
  title="\href{https://patents.google.com/patent/CN116189144A/zh}{\hypertarget{Xin_Latent_Diffusion_23}{基于扩散模型}的车载摄像头遮挡区域增强检测方法。}",
  number          = {CN 1161 8914 4A},
  date            = {2023-05-30},
  OPTholder       = {上海前晨汽车科技有限公司},
  OPTpubstate     = {Pending},
  OPTeprintclass  = {G06V20/58},
}

@misc{Xin_LLM_24,
  author={忻,斌健},
  title="\href{http://epub.cnipa.gov.cn/patent/CN117734728A}{\hypertarget{Xin_LLM_24}{基于自然语言}接口和大型语言模型的自动驾驶决策系统。}",
  number={CN 1177 3472 8A},
  date={2024-03-22},
  OPTholder       = {上海前晨汽车科技有限公司},
  OPTpubstate     = {Applied},
  OPTeprintclass  = {B60W50/14},
}

@misc{Xin_VLM_24,
  author={忻,斌健},
  title="\href{http://epub.cnipa.gov.cn/patent/CN117734729A}{\hypertarget{Xin_VLM_24}{基于自然语言}接口和多模态基础模型的自动驾驶决策系统。}",
  number={CN 1177 3472 9A},
  date={2024-03-22},
  holder       = {上海前晨汽车科技有限公司},
  pubstate     = {Applied},
  eprintclass  = {G06F16/903},
}

@misc{Pan_Xin_DrvStyle_23,
  author={潘,泓辰 and \underline{忻,斌健}},
  title="\href{https://patents.google.com/patent/CN114228722B/zh}{\hypertarget{Pan_Xin_DrvStyle_23}{驾驶}风格分类方法装置设备存储介质和程序。}",
  number={CN 1142 2872 2B},
  date={2023-10-24},
  OPTholder       = {上海前晨汽车科技有限公司},
  OPTpubstate     = {Active},
  OPTeprintclass  = {B60W40/09},
}

@misc{Xin_Chen_NN_TSFeatures_23,
  author          = {\underline{忻,斌健} and 陈,洋},
  title="\href{https://patents.google.com/patent/CN116559671A/zh}{\hypertarget{Xin_Chen_NN_TSFeatures_23}{基于机器学习}的时间序列特征生成提取及故障电池检测方法和装置。}",
  number          = {CN 1165 5967 1A},
  date            = {2023-08-08},
  OPTholder       = {上海前晨汽车科技有限公司},
  OPTpubstate     = {Pending},
  OPTeprintclass  = {G01R31/367},
}

@misc{Xin_Fu_Pan_Simulation_Test_RL_22,
  author          = {\underline{忻,斌健} and 付,晶玮 and 潘,泓辰},
  title="\href{https://patents.google.com/patent/CN114021307A/zh}{\hypertarget{Xin_Fu_Pan_Simulation_Test_RL_22}{基于仿真}的控制器参数设计测试及装置。}",
  number          = {CN 1140 2130 7A},
  date            = {2022-02-08},
  OPTholder       = {上海前晨汽车科技有限公司},
  OPTpubstate     = {Pending},
  OPTeprintclass  = {G06F30/20},
}

@misc{Xin_RearView_17,
  author          = {方,健 and 李,时宜 and 金,磊 and 徐,征遥 and 曹,彬彬 and \underline{忻,斌健}},
  title="\href{https://patents.google.com/patent/CN206049509U/zh}{\hypertarget{Xin_RearView_17}{一种}显示后方全视野的汽车。}",
  number          = {CN 2060 4950 9U},
  date            = {2017-03-29},
  OPTholder       = {上汽通用有限公司与泛亚汽车技术中心},
  OPTpubstate     = {Active},
}

@misc{Xin_Daimler_08,
  author          = {Boehm, J. and Hercke, T. and Rau, N. and Schweikert, S. and Warzok, A. and \underline{Xin, Binjian}},
  title="\href{https://patents.google.com/patent/DE102007008604A1/en}{\hypertarget{Xin_Daimler_08}{Evaluation} method for honed structures on motor cyliner bores}",
  number          = {DE 1020 0700 8604 A1},
  date            = {2008-08-28},
  OPTholder       = {Mercedes Benz Group AG},
  OPTpubstate     = {Withdrawn},
  OPTeprintclass  = {G01B11/2441},
}
